<?xml version="1.0" encoding="UTF-8"?><collection xmlns="http://www.loc.gov/MARC21/slim"><record><leader>00380nam--2200133-i-4500</leader><controlfield tag="001">000028163</controlfield><controlfield tag="002">20161230</controlfield><controlfield tag="005">20161230201037</controlfield><controlfield tag="008">060222s1000------------r-----000-0-eng-d</controlfield><datafield ind1=" " ind2=" " tag="100"><subfield code="a">Lawruchina, A.K., Solotow, J.A</subfield></datafield><datafield ind1=" " ind2=" " tag="245"><subfield code="a">Die transurane</subfield></datafield><datafield ind1=" " ind2=" " tag="260"><subfield code="a">Leipzig, Veb Deutscher Verlag Fur Grunndstoffindustrie, 196. 132p</subfield></datafield><datafield ind1=" " ind2=" " tag="490"><subfield code="a">Kleine Bibliothek Der Kerntechnik</subfield></datafield><datafield ind1=" " ind2=" " tag="852"><subfield code="a">1895</subfield></datafield></record></collection>